@misc{egui,
    author       = {Emil Ernerfeldt},
    title        = {egui: an easy-to-use GUI in pure Rust},
    year         = {2024},
    url          = {https://github.com/emilk/egui},
    note         = {Version 0.1.0},
    howpublished = {\url{https://github.com/emilk/egui}},
}
